@misc{love,
    title="Linux System Programming",
    author="Robert Love",
    year="2013"
}

@misc{patching,
    title = "Overview of Dynamic Operating System’s Kernel Hooking Methods (Study Case of Linux Kernel)",
    howpublished = "Режим доступа: \url{https://www.flow3d.com/modeling-capabilities/waves/} (дата обращения: 04.10.2021)"
}

@article{dwarf,
	author = {Terada, Ken and Yamada, Hiroshi},
	year = {2018},
	month = {12},
	pages = {2991-3004},
	title = {Shortening Downtime of Reboot-Based Kernel Updates Using Dwarf},
	journal = {IEICE Transactions on Information and Systems}
}

@article{seamless,
	author = {Siniavine, Maxim and Goel, Ashvin},
	year = {2013},
	month = {06},
	pages = {1-12},
	title = {Seamless kernel updates},
	journal = {Proceedings of the International Conference on Dependable Systems and Networks}
}

@article{kup,
	author = {Sanidhya Kashyap and Changwoo Min and Byoungyoung Lee and Taesoo Kim and Pavel Emelyanov},
	title = {Instant {OS} Updates via Userspace {Checkpoint-and-Restart}},
	journal = {USENIX Annual Technical Conference (USENIX ATC 16)},
	year = {2016},
	pages = {605-619},
	month = {06}
}

@article{shadow,
	author = {Yamada, Hiroshi and Kono, Kenji},
	year = {2011},
	month = {07},
	pages = {},
	title = {Traveling Forward in Time to Newer Operating Systems using ShadowReboot},
	journal = {ACM SIGPLAN Notices}
}

@article{autopod,
	author = {Potter, Shaya and Nieh, Jason},
	year = {2005},
	month = {01},
	pages = {6-6},
	title = {Reducing downtime due to system maintenance and upgrades}
}

@article{lucos,
	author = {Chen, Haibo and Chen, Rong and Zhang, Fengzhe and Zang, Binyu and Yew, Pen-Chung},
	year = {2006},
	month = {06},
	pages = {35-44},
	title = {Live updating operating systems using virtualization},
	journal = {VEE 2006 - Proceedings of the Second International Conference on Virtual Execution Environments}
}

@article{ksplice,
	author = {Kaashoek, M. and Arnold, Jeffrey},
	year = {2009},
	month = {01},
	pages = {},
	title = {Ksplice: Automatic Rebootless Kernel Updates},
	journal = {Frans Kaashoek}
}

@article{dynamos,
	author = {Makris, Kristis and Ryu, Kyung},
	year = {2007},
	month = {06},
	pages = {327-340},
	title = {Dynamic and adaptive updates of non-quiescent subsystems in commodity operating system kernels},
	journal = {Operating Systems Review - SIGOPS}
}
