@article{life-cycle,
	author = {Gurung, Gagan and Shah, Rahul and Jaiswal, Dhiraj},
	year = {2020},
	month = {07},
	pages = {30-37},
	title = {Software Development Life Cycle Models-A Comparative Study},
	journal = {Gujarat, International Journal of Scientific Research in Computer Science, Engineering and Information Technology},
	note = "URL: \url{https://www.researchgate.net/publication/346819120\_Software\_Development\_Life\_\\Cycle\_Models-A\_Comparative\_Study}"
}

@article{open-source,
	author = {Alami, Adam},
	year = {2020},
	month = {06},
	pages = {222-225},
	title = {The sustainability of quality in free and open source software},
	journal = {New York, Proceedings of the ACM/IEEE 42nd International Conference on Software Engineering: Companion Proceedings},
	note = "URL: \url{https://www.researchgate.net/publication/346043137\_The\_sustainability\_of\_quality\_\\in\_free\_and\_open\_source\_software}"
}

@proceedings{statistics,
	organization = {The Linux Foundation},
	year = {2020},
	month = {08},
	title = {Linux Kernel History Report 2020},
	address = {San Francisco},
	publisher = {The Linux Foundation},
	note = "URL: \url{https://www.linuxfoundation.org/tools/linux-kernel-history-report-2020/}"
}

@book{linux,
      author = {Fox, Richard},
      year = {2021},
      month = {11},
      pages = {1-620},
      title = {Linux with Operating System Concepts},
      address = {London},
      publisher = {Chapman and Hall/CRC},
      note = "URL: \url{https://www.researchgate.net/publication/355948100\_Linux\_with\_Operating\_System\\\_Concepts}"
}

@article{modules,
	author = {Zhen, Yanjie and Zhang, Wei},
	year = {2018},
	month = {08},
	pages = {1-8},
	title = {Is It Possible Automatically Port Kernel Modules?},
	journal = {New York, APSys '18: Proceedings of the 9th Asia-Pacific Workshop on Systems},
	note = "URL: \url{https://www.researchgate.net/publication/327811028\_Is\_It\_Possible\_Automatically\\\_Port\_Kernel\_Modules}"
}

@article{patching,
	author = {Koyuncu, Anil and Bissyandé, Tegawendé},
	year = {2017},
	month = {07},
	pages = {237–248},
	title = {Impact of Tool Support in Patch Construction},
	journal = {New York, roceedings of the 26th ACM SIGSOFT International Symposium on Software Testing and Analysis},
	note = "URL: \url{https://dl.acm.org/doi/10.1145/3092703.3092713}",
}

@article{lucos,
	author = {Chen, Haibo and Chen, Rong and Zhang, Fengzhe},
	year = {2006},
	month = {06},
	pages = {35-44},
	title = {Live updating operating systems using virtualization},
	journal = {Ottawa, Proceedings of the Second International Conference on Virtual Execution Environments},
	note = "URL: \url{https://www.researchgate.net/publication/221137837\_Live\_updating\_operating\_\\systems\_using\_virtualization}"
}

@article{dwarf,
	author = {Terada, Ken and Yamada, Hiroshi},
	year = {2018},
	month = {12},
	pages = {2991-3004},
	title = {Shortening Downtime of Reboot-Based Kernel Updates Using Dwarf},
	journal = {Tokyo, IEICE Transactions on Information and Systems},
	note = "URL: \url{https://www.researchgate.net/publication/\\329349663\_Shortening\_Downtime\_of\_Reboot-Based\_Kernel\_Updates\_Using\_Dwarf}"
}

@article{seamless,
	author = {Siniavine, Maxim and Goel, Ashvin},
	year = {2013},
	month = {06},
	pages = {1-12},
	title = {Seamless kernel updates},
	journal = {Budapest, Proceedings of the International Conference on Dependable Systems and Networks},
	note = "URL: \url{https://www.researchgate.net/publication/261452974\_Seamless\_kernel\_updates}"
}

@article{kup,
	author = {Sanidhya Kashyap, Changwoo Min, Byoungyoung Lee},
	year = {2016},
	month = {06},
	pages = {605-619},
	title = {Instant OS Updates via Userspace Checkpoint-and-Restart},
	journal = {Denver, USENIX Annual Technical Conference (USENIX ATC 16)},
	note = "URL: \url{https://www.usenix.org/conference/atc16/technical-sessions/presentation/kashyap}"
}

@article{checkpoint,
	author = {Pavel Begunkov},
	year = {2017},
	month = {10},
	pages = {1-4},
	title = {Checkpoint and Restore of File Locks in Userspace},
	journal = {New York, CEE-SECR '17: Proceedings of the 13th Central and Eastern European Software Engineering Conference in Russia},
	note = "URL: \url{https://www.researchgate.net/publication/322260073\_Checkpoint\_and\_restore\_of\_file\\\_locks\_in\_userspace}"
}


@article{shadow,
	author = {Yamada, Hiroshi and Kono, Kenji},
	year = {2013},
	month = {03},
	pages = {121-130},
	title = {Traveling Forward in Time to Newer Operating Systems using ShadowReboot},
	journal = {New York, ACM SIGPLAN Notices},
	note = "URL: \url{https://dl.acm.org/doi/10.1145/2451512.2451536}"
}

@article{vm,
	author = {Lagar-Cavilla, H. Andrés and Whitney},
	year = {2009},
	month = {01},
	pages = {1-12},
	title = {SnowFlock: Rapid Virtual Machine Cloning for Cloud Computing},
	journal = {New York, Proceedings of the 4th ACM European Conference on Computer Systems, EuroSys'09},
	note = "URL: \url{https://www.researchgate.net/publication/221351721\_SnowFlock\_Rapid\_Virtual\_\\Machine\_Cloning\_for\_Cloud\_Computing}"
}

@article{autopod,
	author = {Potter, Shaya and Nieh, Jason},
	year = {2005},
	month = {12},
	pages = {1-6},
	title = {Reducing downtime due to system maintenance and upgrades},
	journal = {San Diego, LISA '05: Proceedings of the 19th conference on Large Installation System Administration Conference},
	note = "URL: \url{https://dl.acm.org/doi/10.5555/1251150.1251156}"
}

@article{dynamos,
	author = {Makris, Kristis and Ryu, Kyung},
	year = {2007},
	month = {06},
	pages = {327-340},
	title = {Dynamic and adaptive updates of non-quiescent subsystems in commodity operating system kernels},
	journal = {Lisbon, Operating Systems Review - SIGOPS},
	note = "URL: \url{https://www.researchgate.net/publication/221351757\_Dynamic\_and\_adaptive\_\\updates\_of\_non-quiescent\_subsystems\_in\_commodity\_operating\_system\_kernels}"
}

@article{ksplice,
	author = {Kaashoek, M. and Arnold, Jeffrey},
	year = {2009},
	month = {04},
	pages = {187-198},
	title = {Ksplice: Automatic Rebootless Kernel Updates},
	journal = {Nuremberg, EuroSys '09: Fourth EuroSys Conference 2009},
	note = "URL: \url{https://dl.acm.org/doi/10.1145/1519065.1519085}"
}

@article{binary,
	author = {Arras, Paul-Antoine and Andronidis},
	year = {2022},
	month = {01},
	pages = {829-832},
	title = {SaBRe: load-time selective binary rewriting},
	journal = {Berlin, International Journal on Software Tools for Technology Transfer},
	note = "URL: \url{https://www.researchgate.net/publication/358018186\_SaBRe\_load-time\_selective\_binary\_rewriting}"
}

